@article{fleming2014measure,
  title={How to measure metacognition},
  author={Fleming, Stephen M and Lau, Hakwan C},
  journal={Frontiers in human neuroscience},
  volume={8},
  pages={443},
  year={2014},
  publisher={Frontiers}
}

@book{cramer1999mathematical,
  title={Mathematical methods of statistics},
  author={Cram{\'e}r, Harald},
  volume={43},
  year={1999},
  publisher={Princeton university press}
}

@article{goodman1963measures,
  title={Measures of association for cross classifications III: Approximate sampling theory},
  author={Goodman, Leo A and Kruskal, William H},
  journal={Journal of the American Statistical Association},
  volume={58},
  number={302},
  pages={310--364},
  year={1963},
  publisher={Taylor \& Francis Group}
}

@article{nelson1984comparison,
  title={A comparison of current measures of the accuracy of feeling-of-knowing predictions.},
  author={Nelson, Thomas O},
  journal={Psychological bulletin},
  volume={95},
  number={1},
  pages={109},
  year={1984},
  publisher={American Psychological Association}
}

@article{masson2009sources,
  title={Sources of bias in the Goodman--Kruskal gamma coefficient measure of association: Implications for studies of metacognitive processes.},
  author={Masson, Michael EJ and Rotello, Caren M},
  journal={Journal of Experimental Psychology: Learning, Memory, and Cognition},
  volume={35},
  number={2},
  pages={509},
  year={2009},
  publisher={American Psychological Association}
}

@book{green1966signal,
  title={Signal detection theory and psychophysics},
  author={Green, David Marvin and Swets, John A and others},
  volume={1},
  year={1966},
  publisher={Wiley New York}
}

@article{galvin2003type,
  title={Type 2 tasks in the theory of signal detectability: Discrimination between correct and incorrect decisions},
  author={Galvin, Susan J and Podd, John V and Drga, Vit and Whitmore, John},
  journal={Psychonomic bulletin \& review},
  volume={10},
  number={4},
  pages={843--876},
  year={2003},
  publisher={Springer}
}

@article{kunimoto2001confidence,
  title={Confidence and accuracy of near-threshold discrimination responses},
  author={Kunimoto, Craig and Miller, Jeff and Pashler, Harold},
  journal={Consciousness and cognition},
  volume={10},
  number={3},
  pages={294--340},
  year={2001},
  publisher={Elsevier}
}

@article{azzopardi2007evaluation,
  title={Evaluation of a'bias-free'measure of awareness},
  author={Azzopardi, Paul and Evans, Simon},
  journal={Spatial vision},
  volume={20},
  number={1-2},
  pages={61--77},
  year={2007},
  publisher={Brill}
}

@article{clarke1959two,
  title={Two types of ROC curves and definitions of parameters},
  author={Clarke, Frank R and Birdsall, Theodore G and Tanner Jr, Wilson P},
  journal={The Journal of the Acoustical Society of America},
  volume={31},
  number={5},
  pages={629--630},
  year={1959},
  publisher={Acoustical Society of America}
}

@article{maniscalco2012signal,
  title={A signal detection theoretic approach for estimating metacognitive sensitivity from confidence ratings},
  author={Maniscalco, Brian and Lau, Hakwan},
  journal={Consciousness and cognition},
  volume={21},
  number={1},
  pages={422--430},
  year={2012},
  publisher={Elsevier}
}

@article{jang2012stochastic,
  title={A stochastic detection and retrieval model for the study of metacognition.},
  author={Jang, Yoonhee and Wallsten, Thomas S and Huber, David E},
  journal={Psychological Review},
  volume={119},
  number={1},
  pages={186},
  year={2012},
  publisher={American Psychological Association}
}

@article{kruger1999unskilled,
  title={Unskilled and unaware of it: how difficulties in recognizing one's own incompetence lead to inflated self-assessments.},
  author={Kruger, Justin and Dunning, David},
  journal={Journal of personality and social psychology},
  volume={77},
  number={6},
  pages={1121},
  year={1999},
  publisher={American Psychological Association}
}

@article{harvey1997confidence,
  title={Confidence in judgment},
  author={Harvey, Nigel},
  journal={Trends in cognitive sciences},
  volume={1},
  number={2},
  pages={78--82},
  year={1997},
  publisher={Elsevier}
}

@article{brier1950verification,
  title={Verification of forecasts expressed in terms of probability},
  author={Brier, Glenn W},
  journal={Monthly weather review},
  volume={78},
  number={1},
  pages={1--3},
  year={1950}
}

@article{murphy1973new,
  title={A new vector partition of the probability score},
  author={Murphy, Allan H},
  journal={Journal of applied Meteorology},
  volume={12},
  number={4},
  pages={595--600},
  year={1973}
}
